
@article{Kuanfans,
  title={Checklist for Numerical Experiments},
  author={Kuan Fans},
  journal={Journal of Kuan Fans},
  volume={1},
  number={1},
  pages={1--1},
  year={2024},
  publisher={HACL}
}